<?xml version="1.0" encoding="UTF-8"?><collection xmlns="http://www.loc.gov/MARC21/slim"><record><leader>00580nam--2200181-u-4500</leader><controlfield tag="001">000053364</controlfield><controlfield tag="002">20161230</controlfield><controlfield tag="005">20161230201051</controlfield><controlfield tag="008">110316s1000------------r-----000-0-eng-d</controlfield><datafield ind1=" " ind2=" " tag="020"><subfield code="a">0316328197</subfield></datafield><datafield ind1=" " ind2=" " tag="040"><subfield code="a">IFIN-HH</subfield></datafield><datafield ind1=" " ind2=" " tag="080"><subfield code="a">530.14:(092):(0.062)</subfield></datafield><datafield ind1="1" ind2=" " tag="100"><subfield code="a">Gribbin, John</subfield></datafield><datafield ind1="1" ind2="0" tag="245"><subfield code="a">Schrodinger's kittens and the search for reality</subfield><subfield code="b">Solving the quantum mysteries</subfield><subfield code="c">John gribbin, author of in search of schrodinger's cat</subfield></datafield><datafield ind1=" " ind2=" " tag="260"><subfield code="a">New York</subfield><subfield code="b">Back Bay Books Little, Brown And Company</subfield><subfield code="c">1995</subfield></datafield><datafield ind1=" " ind2=" " tag="300"><subfield code="a">IX+261P</subfield></datafield><datafield ind1=" " ind2=" " tag="852"><subfield code="a">81742</subfield><subfield code="c">53</subfield></datafield><datafield ind1=" " ind2=" " tag="CAT"><subfield code="a">Sys</subfield><subfield code="c">20151012</subfield><subfield code="h">081434</subfield></datafield></record></collection>